@book{PrinceCompVision,  
    author={S. J. D. Prince},
    title={Computer Vision: Models, Learning, and Inference},
    publisher={Cambridge University Press},
    year={2012},
    address={Cambridge, UK},
}

@book{SzeliskiCompVision,  
    author={R. Szeliski},
    title={Computer Vision: Algorithms and Applications},
    publisher={Springer International Publishing},
    year={2021},
    address={Base, Switzerland},
}

@book{BradskiOpenCV,  
    author={G. Bradski and A. Kaehler},
    title={Learning OpenCV: Computer Vision with the OpenCV Library},
    publisher={O'Reilly Media, Inc.},
    year={2008},
    address={USA},
}

@book{KhanConvVision,  
    author={S. Khan and H. Rahmani and S. A. A. Shah and M. Bennamoun and G. Medioni and S. Dickinson},
    title={A Guide to Convolutional Neural Networks for Computer Vision},
    publisher={Morgan \& Claypool Publishers},
    year={2018},
    address={USA},
}

@book{ShanDeepVision,  
    author={R. Shanmugamani},
    title={Deep Learning for Computer Vision: Expert techniques to train advanced neural networks using TensorFlow and Keras},
    publisher={Packt Publishing Ltd},
    year={2018},
    address={Birmingham, UK},
}

@book{HuaMachineLearning,  
    author={Q. Hua and S. Ul Azeem and S. Ahmed},
    title={Machine Learning with TensorFlow 1.x: Second generation machine learning with Google's brainchild - TensorFlow 1.x},
    publisher={Packt Publishing Ltd},
    year={2017},
    address={Birmingham, UK},
}

@article{THOMAS20173,
    title = {Computer vision for sports: Current applications and research topics},
    journal = {Computer Vision and Image Understanding},
    volume = {159},
    pages = {3-18},
    year = {2017},
    author = {G. Thomas and R. Gade and T. B. Moeslund and P. Carr and A. Hilton},
}


@inproceedings{PvzKonfLt,
    author={A. Pavardenis and B. Pavardonis and C. Pavardauskas and D. Pavardinskas},
    title={Straipsnio pavadinimas},
    booktitle={Rinkinio pavadinimas},
    year={2002},
    publisher={Leidykla},
    address={Miestas, šalis},
    pages={3-15},
}

@inproceedings{Chen_2018_CVPR,
   author = {Y. Chen and Z. Wang and Y. Peng and Z. Zhang and G. Yu and J. Sun},
   title = {Cascaded Pyramid Network for Multi-Person Pose Estimation},
   booktitle = {Proceedings of the IEEE Conference on Computer Vision and Pattern Recognition (CVPR)},
   month = {5},
   year = {2018},
   pages={7103-7112},
}

@article{4717823,
  author={C. Juang and C. Chang and J. Wu and D. Lee},
  journal={IEEE Transactions on Systems, Man, and Cybernetics - Part A: Systems and Humans},  
  title={Computer Vision-Based Human Body Segmentation and Posture Estimation},  
  year={2009}, 
  volume={39},  
  pages={119-133}, 
}


@inproceedings{6224370,
  author={B. Chakraborty and S. Meher},
  booktitle={2012 IEEE International Conference on Signal Processing, Computing and Control},  
  title={Real-time position estimation and tracking of a basketball},   
  year={2012},  
  volume={},
  number={}, 
  pages={1-6},
}

@article{4767941,
  author={R. M. Haralick and S. R. Sternberg and X. Zhuang},
  journal={IEEE Transactions on Pattern Analysis and Machine Intelligence}, 
  title={Image Analysis Using Mathematical Morphology}, 
  year={1987},
  volume={PAMI-9},
  number={4},
  pages={532-550},
}

@phdthesis{VERHES_LAHI_2005, 
   title={Color Constancy and Image Segmentation Techniques for Applications to Mobile Robotics},
   school={UPC, Departament d'Enginyeria de Sistemes, Automàtica i Informàtica Industrial}, 
   author={J. Vergés Llahí},
   year={2005}, 
}

